<?xml version="1.0" encoding="UTF-8"?><collection xmlns="http://www.loc.gov/MARC21/slim"><record><leader>00639nam--2200193-i-4500</leader><controlfield tag="001">000029932</controlfield><controlfield tag="002">20161230</controlfield><controlfield tag="005">20170114230234</controlfield><controlfield tag="008">060222s1000------------r-----000-0-eng-d</controlfield><datafield ind1=" " ind2=" " tag="040"><subfield code="a">IFIN-H</subfield></datafield><datafield ind1=" " ind2=" " tag="080"><subfield code="a">532.5.013(061.3)</subfield></datafield><datafield ind1="1" ind2=" " tag="100"><subfield code="a">Cabannes, Henri</subfield></datafield><datafield ind1="1" ind2="0" tag="245"><subfield code="a">Lecture notes in physics. Vol. 90: Sixth International Conference on numerical methods in fluid dynamics. Proceedings, Tbilisi 1978</subfield><subfield code="c">H. Cabannes, M. Holt, V. Rusanov (eds.)</subfield></datafield><datafield ind1=" " ind2=" " tag="260"><subfield code="a">Berlin</subfield><subfield code="b">Springer-Verlag</subfield><subfield code="c">1979</subfield></datafield><datafield ind1=" " ind2=" " tag="300"><subfield code="a">VIII+620 p</subfield></datafield><datafield ind1=" " ind2=" " tag="490"><subfield code="a">Lecture Notes In Physics, 90</subfield></datafield><datafield ind1="1" ind2=" " tag="700"><subfield code="a">Rusanov, V</subfield><subfield code="e">Ed</subfield></datafield><datafield ind1=" " ind2=" " tag="852"><subfield code="a">33191</subfield><subfield code="c">53</subfield></datafield><datafield ind1=" " ind2=" " tag="CAT"><subfield code="a">SYS</subfield><subfield code="c">20170114</subfield><subfield code="h">230234</subfield></datafield></record></collection>